@inproceedings{icml_2009,
 author = {Plath, Nils and Toussaint, Marc and Nakajima, Shinichi},
 title = {Multi-class Image Segmentation Using Conditional Random Fields and Global Classification},
 booktitle = {Proceedings of the 26th Annual International Conference on Machine Learning},
 series = {ICML '09},
 year = {2009},
 isbn = {978-1-60558-516-1},
 location = {Montreal, Quebec, Canada},
 pages = {817--824},
 numpages = {8},
 url = {http://doi.acm.org/10.1145/1553374.1553479},
 doi = {10.1145/1553374.1553479},
 acmid = {1553479},
 publisher = {ACM},
 address = {New York, NY, USA},
} 

@BOOK{Bishop:2006:ML,
	author    = {Bishop, Christopher M.},
	title     = {Pattern Recognition and Machine Learning},
	year      = {2006},
	isbn      = {0387310738},
	publisher = {Springer-Verlag New York, Inc.}
} 
