@inproceedings{icml_2009,
 author = {Plath, Nils and Toussaint, Marc and Nakajima, Shinichi},
 title = {Multi-class Image Segmentation Using Conditional Random Fields and Global Classification},
 booktitle = {Proceedings of the 26th Annual International Conference on Machine Learning},
 series = {ICML '09},
 year = {2009},
 isbn = {978-1-60558-516-1},
 location = {Montreal, Quebec, Canada},
 pages = {817--824},
 numpages = {8},
 url = {http://doi.acm.org/10.1145/1553374.1553479},
 doi = {10.1145/1553374.1553479},
 acmid = {1553479},
 publisher = {ACM},
 address = {New York, USA},
} 

@BOOK{Bishop:2006:ML,
	author    = {Bishop, Christopher M.},
	title     = {Pattern Recognition and Machine Learning},
	year      = {2006},
	isbn      = {0387310738},
	publisher = {Springer-Verlag New York, Inc.}
} 


@article{Felzenszwalb:2004,
    author = {Felzenszwalb, Pedro F. and Huttenlocher, Daniel P.},
    title = {Efficient Graph-Based Image Segmentation},
    journal = {Int. J. Comput. Vision},
    issue_date = {September 2004},
    volume = {59},
    number = {2},
    month = sep,
    year = {2004},
    issn = {0920-5691},
    pages = {167--181},
    numpages = {15},
    url = {http://dx.doi.org/10.1023/B:VISI.0000022288.19776.77},
    doi = {10.1023/B:VISI.0000022288.19776.77},
    acmid = {981796},
    publisher = {Kluwer Academic Publishers},
    address = {Hingham, MA, USA},
    keywords = {clustering, graph algorithm, image segmentation, perceptual organization},
} 

@inproceedings{Reynolds:2007,
  author = {Reynolds, Jordan and Murphy, Kevin},
  title = {Figure-ground Segmentation Using a Hierarchical Conditional Random Field},
  booktitle = {Proceedings of the Fourth Canadian Conference on Computer and Robot Vision},
  series = {CRV '07},
  year = {2007},
  isbn = {0-7695-2786-8},
  pages = {175--182},
  numpages = {8},
  url = {http://dx.doi.org/10.1109/CRV.2007.32},
  doi = {10.1109/CRV.2007.32},
  acmid = {1252730},
  publisher = {IEEE Computer Society},
  address = {Washington, DC, USA},
} 

